@article{tamssaouet2021,
  address = {Amsterdam},
  author = {Karim Tamssaouet and S. Dauzére-Pérés and Sebastian Knopp and Abdoul Bitar and C. Yugma},
  doi = {10.1016/J.EJOR.2021.03.069},
  journal = {European Journal of Operational Research},
  pages = {87-100},
  publisher = {Elsevier},
  title = {Multiobjective optimization for complex flexible job-shop scheduling problems},
  volume = {296},
  year = {2021}
}

@article{musser1993,
  address = {New York},
  author = {K. Musser and J. Dhingra and G. Blankenship},
  doi = {10.1109/9.277252},
  journal = {IEEE Transactions on Automatic Control},
  pages = {808-813},
  publisher = {IEEE},
  title = {Optimization based job shop scheduling},
  volume = {38},
  year = {1993}
}

@article{mokhtari2017,
  address = {Oxford},
  author = {H. Mokhtari and A. Hasani},
  doi = {10.1016/j.compchemeng.2017.05.004},
  journal = {Computers and Chemical Engineering},
  pages = {339-352},
  publisher = {Elsevier},
  title = {An energy-efficient multi-objective optimization for flexible job-shop scheduling problem},
  volume = {104},
  year = {2017}
}

@article{yusof2011,
  address = {Amsterdam},
  author = {R. Yusof and M. Khalid and Gan Teck Hui and Syafawati Md Yusof and M. Othman},
  doi = {10.1016/j.asoc.2011.01.046},
  journal = {Applied Soft Computing},
  pages = {5782-5792},
  publisher = {Elsevier},
  title = {Solving job shop scheduling problem using a hybrid parallel micro genetic algorithm},
  volume = {11},
  year = {2011}
}

@article{escamilla2022,
  author = {N.J. Escamilla-Serna and J.C. Seck-Tuoh-Mora and J.C. Medina-Marin and I. Barragan-Vite and J.R. Corona-Armenta},
  title = {A Hybrid Search Using Genetic Algorithms and Random-Restart Hill-Climbing for Flexible Job Shop Scheduling Instances with High Flexibility},
  journal = {Applied Sciences},
  volume = {12},
  pages = {8050},
  year = {2022},
  publisher = {MDPI},
  doi = {10.3390/app12168050},
  url = {https://doi.org/10.3390/app12168050}
}

@misc{chatgpt,
    author = {OpenAI},
    title = {{ChatGPT: Optimizing Language Models for Dialogue}},
    year = {2024},
    note = {Un modelo de lenguaje conversacional desarrollado por OpenAI, basado en la arquitectura de transformadores, utilizado para generar respuestas de texto en un formato de diálogo.}
}

@article{scalia2023,
  address = {San Francisco},
  author = {Bruno Scalia CF Leite},
  journal = {Medium},
  publisher = {Towards Data Science},
  title = {El problema de la programación del taller: Modelos de programación entera mixta},
  year = {2023},
  month = {marzo},
}

@misc{chatgpt,
    author = {OpenAI},
    title = {{ChatGPT: Optimizing Language Models for Dialogue}},
    year = {2024},
    note = {Un modelo de lenguaje conversacional desarrollado por OpenAI, basado en la arquitectura de transformadores, utilizado para generar respuestas de texto en un formato de diálogo.}
}